@article{laskar1989numerical,
  title={A numerical experiment on the chaotic behaviour of the solar system},
  author={Laskar, Jacques},
  journal={Nature},
  volume={338},
  number={6212},
  pages={237},
  year={1989},
  publisher={Nature Publishing Group}
}
@book{stewart1994czy,
  title={Czy B{\'o}g gra w ko{\'s}ci?: nowa matematyka chaosu},
  author={Stewart, I. and Tempczyk, M. and Komar, W.},
  isbn={9788301113711},
  url={https://books.google.pl/books?id=ha4rywAACAAJ},
  year={1994},
  publisher={Wydawnictwo Naukowe PWN}
}

